@article{thompson2017coding,
	title={Coding Comes of Age: Coding Is Gradually Making Its Way from Club to Curriculum, Thanks Largely to the Nationwide Science, Technology, Engineering and Mathematics Phenomenon Embraced by So Many American Schools},
	author={Thompson, Greg},
	journal={THE Journal (Technological Horizons In Education)},
	volume={44},
	number={1},
	pages={28},
	year={2017},
	publisher={1105 Media, Inc.}
}